<?xml version="1.0" encoding="UTF-8"?><collection xmlns="http://www.loc.gov/MARC21/slim"><record><leader>00359nam--2200121-i-4500</leader><controlfield tag="001">000022327</controlfield><controlfield tag="002">20161230</controlfield><controlfield tag="005">20161230201034</controlfield><controlfield tag="008">060222s1000------------r-----000-0-eng-d</controlfield><datafield ind1=" " ind2=" " tag="100"><subfield code="a">Horz, Herbert</subfield></datafield><datafield ind1=" " ind2=" " tag="245"><subfield code="a">Atome, kausalitat, quantensprunge. quantentheorie. philosophischer betracht</subfield></datafield><datafield ind1=" " ind2=" " tag="260"><subfield code="a">Berlin, Veb Deutscher Verlag Der Wiss., 1964. 249p</subfield></datafield><datafield ind1=" " ind2=" " tag="852"><subfield code="a">9736</subfield></datafield></record></collection>